<record><leader>00000cas a2200000 i 4500</leader><controlfield tag="001">16638283</controlfield><controlfield tag="008">870903d17951796ctuwr ne      0    0eng  </controlfield><datafield ind1=" " ind2=" " tag="010"><subfield code="a">sn 87062337 </subfield></datafield><datafield ind1=" " ind2=" " tag="040"><subfield code="a">DLC</subfield><subfield code="b">eng</subfield><subfield code="e">rda</subfield><subfield code="c">DLC</subfield><subfield code="d">KNP</subfield><subfield code="d">CNW</subfield><subfield code="d">FUG</subfield><subfield code="d">TGN</subfield><subfield code="d">OCL</subfield><subfield code="d">CVF</subfield><subfield code="d">DLC</subfield><subfield code="d">NYS</subfield><subfield code="d">OCLCQ</subfield><subfield code="d">OCLCO</subfield><subfield code="d">OCLCF</subfield><subfield code="d">IUL</subfield><subfield code="d">OCLCQ</subfield></datafield><datafield ind1=" " ind2=" " tag="042"><subfield code="a">pcc</subfield></datafield><datafield ind1=" " ind2=" " tag="043"><subfield code="a">n-us-ct</subfield></datafield><datafield ind1="0" ind2="0" tag="050"><subfield code="a">Newspaper Microfilm 3112</subfield></datafield><datafield ind1="0" ind2="0" tag="245"><subfield code="a">Litchfield monitor ; and agricultural register.</subfield></datafield><datafield ind1="3" ind2="0" tag="246"><subfield code="a">Agricultural register</subfield></datafield><datafield ind1=" " ind2="1" tag="264"><subfield code="a">Litchfield [Conn.] :</subfield><subfield code="b">[publisher not identified],</subfield><subfield code="c">1795-1796.</subfield></datafield><datafield ind1=" " ind2=" " tag="300"><subfield code="a">3 volumes</subfield></datafield><datafield ind1=" " ind2=" " tag="310"><subfield code="a">Weekly</subfield></datafield><datafield ind1=" " ind2=" " tag="336"><subfield code="a">text</subfield><subfield code="b">txt</subfield><subfield code="2">rdacontent</subfield></datafield><datafield ind1=" " ind2=" " tag="337"><subfield code="a">unmediated</subfield><subfield code="b">n</subfield><subfield code="2">rdamedia</subfield></datafield><datafield ind1=" " ind2=" " tag="338"><subfield code="a">volume</subfield><subfield code="b">nc</subfield><subfield code="2">rdacarrier</subfield></datafield><datafield ind1="0" ind2=" " tag="362"><subfield code="a">Vol. X, no. 514 (June 10, 1795)-v. XII, no. 562 (May 11, 1796).</subfield></datafield><datafield ind1=" " ind2=" " tag="500"><subfield code="a">Publishers: Thomas Collier, Mar. 22, 1796-</subfield></datafield><datafield ind1=" " ind2=" " tag="500"><subfield code="a">Title from masthead.</subfield></datafield><datafield ind1="4" ind2=" " tag="510"><subfield code="a">Brigham, C.S. Early American newspapers</subfield><subfield code="c">p. 31</subfield></datafield><datafield ind1=" " ind2=" " tag="530"><subfield code="a">Available on microfilm from the Readex Microprint Corp.</subfield></datafield><datafield ind1=" " ind2="0" tag="651"><subfield code="a">Litchfield (Conn.)</subfield><subfield code="v">Newspapers.</subfield></datafield><datafield ind1=" " ind2="0" tag="651"><subfield code="a">Litchfield County (Conn.)</subfield><subfield code="v">Newspapers.</subfield></datafield><datafield ind1=" " ind2="7" tag="651"><subfield code="a">Connecticut</subfield><subfield code="z">Litchfield.</subfield><subfield code="2">fast</subfield><subfield code="0">(OCoLC)fst01224866</subfield></datafield><datafield ind1=" " ind2="7" tag="651"><subfield code="a">Connecticut</subfield><subfield code="z">Litchfield County.</subfield><subfield code="2">fast</subfield><subfield code="0">(OCoLC)fst01211989</subfield></datafield><datafield ind1=" " ind2="7" tag="655"><subfield code="a">Newspapers.</subfield><subfield code="2">fast</subfield><subfield code="0">(OCoLC)fst01423814</subfield></datafield><datafield ind1=" " ind2=" " tag="752"><subfield code="a">United States</subfield><subfield code="b">Connecticut</subfield><subfield code="c">Litchfield</subfield><subfield code="d">Litchfield.</subfield></datafield><datafield ind1="0" ind2="0" tag="780"><subfield code="t">Litchfield monitor (Litchfield, Conn. : 1794)</subfield><subfield code="w">(DLC)sn 87062336</subfield><subfield code="w">(OCoLC)16638196</subfield></datafield><datafield ind1="0" ind2="0" tag="785"><subfield code="t">Weekly monitor (Litchfield, Conn. : 1796)</subfield><subfield code="w">(DLC)sn 84022691</subfield><subfield code="w">(OCoLC)10536091</subfield></datafield><datafield ind1="4" ind2="1" tag="856"><subfield code="u">http://infoweb.newsbank.com/?db=EANX&amp;s_browseRef=decades/109C9F607B33F9B0/all.xml</subfield></datafield><datafield ind1="1" ind2=" " tag="029"><subfield code="a">AU@</subfield><subfield code="b">000020415433</subfield></datafield></record>